<?xml version="1.0" encoding="UTF-8"?><collection xmlns="http://www.loc.gov/MARC21/slim"><record><leader>00547nam--2200181-i-4500</leader><controlfield tag="001">000014090</controlfield><controlfield tag="002">20161230</controlfield><controlfield tag="005">20161230201030</controlfield><controlfield tag="008">060222s1000------------r-----000-0-fre-d</controlfield><datafield ind1=" " ind2=" " tag="040"><subfield code="a">IFIN-HH</subfield></datafield><datafield ind1=" " ind2=" " tag="041"><subfield code="a">fre</subfield></datafield><datafield ind1=" " ind2=" " tag="080"><subfield code="a">539.172.3:535.33(043)</subfield></datafield><datafield ind1="1" ind2=" " tag="100"><subfield code="a">Anjos, Joao Carlos Dos</subfield></datafield><datafield ind1="1" ind2="0" tag="245"><subfield code="a">L'origine dynamique des spectres anormaux dans les collisions inelastiques sur noyaux legers</subfield><subfield code="b">These</subfield><subfield code="c">Joao carlos dos anjos</subfield></datafield><datafield ind1=" " ind2=" " tag="260"><subfield code="a">Paris</subfield><subfield code="b">Universite De Paris</subfield><subfield code="c">1977</subfield></datafield><datafield ind1=" " ind2=" " tag="300"><subfield code="a">61 P</subfield></datafield><datafield ind1=" " ind2=" " tag="852"><subfield code="a">49686</subfield><subfield code="c">535.33</subfield></datafield><datafield ind1=" " ind2=" " tag="CAT"><subfield code="a">Sys</subfield><subfield code="c">20101216</subfield><subfield code="h">150212</subfield></datafield></record></collection>